@article{Zhou2018,
  doi = {10.12688/gatesopenres.12856.1},
  url = {https://doi.org/10.12688/gatesopenres.12856.1},
  year = {2018},
  month = sep,
  publisher = {F1000 Research Ltd},
  volume = {2},
  pages = {41},
  author = {Chenxi Zhou and Tania Duarte and Rocio Silvestre and Genoveva Rossel and Robert O. M. Mwanga and Awais Khan and Andrew W. George and Zhangjun Fei and G. Craig Yencho and David Ellis and Lachlan J. M. Coin},
  title = {Insights into population structure of East African sweetpotato cultivars from hybrid assembly of chloroplast genomes},
  journal = {Gates Open Research}
}

@article{Wang2018,
  doi = {10.1186/s12864-018-5348-8},
  url = {https://doi.org/10.1186/s12864-018-5348-8},
  year = {2018},
  month = dec,
  publisher = {Springer Science and Business Media {LLC}},
  volume = {19},
  number = {1},
  author = {Weiwen Wang and Miriam Schalamun and Alejandro Morales-Suarez and David Kainer and Benjamin Schwessinger and Robert Lanfear},
  title = {Assembly of chloroplast genomes with long- and short-read data: a comparison of approaches using Eucalyptus pauciflora as a test case},
  journal = {{BMC} Genomics}
}
