
# This is the bibliography file for your tutorial.
#
# To add bibliography (bibtex) entries here, follow these steps:
#  1) Find the DOI for the article you want to cite
#  2) Go to https://doi2bib.org and fill in the DOI
#  3) Copy the resulting bibtex entry into this file
#
# To cite the example below, in your tutorial.md file
# use {% cite Batut2018 %}
#
# If you want to cite an online resourse (website etc)
# you can use the 'online' format (see below)
#
# You can remove the examples below

@article{Batut2018,
  doi = {10.1016/j.cels.2018.05.012},
  url = {https://doi.org/10.1016/j.cels.2018.05.012},
  year = {2018},
  month = jun,
  publisher = {Elsevier {BV}},
  volume = {6},
  number = {6},
  pages = {752--758.e1},
  author = {B{\'{e}}r{\'{e}}nice Batut and Saskia Hiltemann and Andrea Bagnacani and Dannon Baker and Vivek Bhardwaj and
           Clemens Blank and Anthony Bretaudeau and Loraine Brillet-Gu{\'{e}}guen and Martin {\v{C}}ech and John Chilton
           and Dave Clements and Olivia Doppelt-Azeroual and Anika Erxleben and Mallory Ann Freeberg and Simon Gladman and
           Youri Hoogstrate and Hans-Rudolf Hotz and Torsten Houwaart and Pratik Jagtap and Delphine Larivi{\`{e}}re and
           Gildas Le Corguill{\'{e}} and Thomas Manke and Fabien Mareuil and Fidel Ram{\'{i}}rez and Devon Ryan and
           Florian Christoph Sigloch and Nicola Soranzo and Joachim Wolff and Pavankumar Videm and Markus Wolfien and
           Aisanjiang Wubuli and Dilmurat Yusuf and James Taylor and Rolf Backofen and Anton Nekrutenko and Bj\"{o}rn Gr\"{u}ning},
  title = {Community-Driven Data Analysis Training for Biology},
  journal = {Cell Systems}
}
@article{Shehzad2012,
  doi = {10.1111/j.1365-294x.2011.05424.x},
  url = {https://doi.org/10.1111/j.1365-294x.2011.05424.x},
  year = {2012},
  month = jan,
  publisher = {Wiley},
  volume = {21},
  number = {8},
  pages = {1951--1965},
  author = {WASIM SHEHZAD and TIAYYBA RIAZ and MUHAMMAD A. NAWAZ and CHRISTIAN MIQUEL and CAROLE POILLOT and SAFDAR A. SHAH and FRAN{\c{C}}OIS POMPANON and ERIC COISSAC and PIERRE TABERLET},
  title = {Carnivore diet analysis based on next-generation sequencing: application to the leopard cat (Prionailurus bengalensis) in Pakistan},
  journal = {Molecular Ecology}
}

@article{Riaz2011,
  doi = {10.1093/nar/gkr732},
  url = {https://doi.org/10.1093/nar/gkr732},
  year = {2011},
  month = sep,
  publisher = {Oxford University Press ({OUP})},
  volume = {39},
  number = {21},
  pages = {e145--e145},
  author = {Tiayyba Riaz and Wasim Shehzad and Alain Viari and Fran{\c{c}}ois Pompanon and Pierre Taberlet and Eric Coissac},
  title = {{ecoPrimers}: inference of new {DNA} barcode markers from whole genome sequence analysis},
  journal = {Nucleic Acids Research}
}

@article{Ficetola2010,
  doi = {10.1186/1471-2164-11-434},
  url = {https://doi.org/10.1186/1471-2164-11-434},
  year = {2010},
  month = jul,
  publisher = {Oxford University Press ({OUP})},
  volume = {39},
  number = {21},
  pages = {e145--e145},
  author = {Gentile Francesco Ficetola and Eric Coissac and Stéphanie Zundel and Tiayyba Riaz and Wasim Shehzad and Julien Bessière and Pierre Taberlet and Fran{\c{c}}ois Pompanon},
  title = {An In silico approach for the evaluation of DNA barcodes},
  journal = {BMC Genomics}
}

@article{Boyer2015,
  doi = {10.1111/1755-0998.12428},
  url = {https://doi.org/10.1111/1755-0998.12428},
  year = {2015},
  month = may,
  publisher = {Wiley},
  volume = {16},
  number = {1},
  pages = {176--182},
  author = {Fr{\'{e}}d{\'{e}}ric Boyer and C{\'{e}}line Mercier and Aur{\'{e}}lie Bonin and Yvan Le Bras and Pierre Taberlet and Eric Coissac},
  title = {obitools: aunix-inspired software package for {DNA} metabarcoding},
  journal = {Molecular Ecology Resources}
}

@online{gtn-website,
  author = {GTN community},
  title = {GTN Training Materials: Collection of tutorials developed and maintained by the worldwide Galaxy community},
  url = {https://training.galaxyproject.org},
  urldate = {2021-03-24}
}
