
@misc{transcriptomics-ref-based,
  author = "Bérénice Batut and Mallory Freeberg and Mo Heydarian and Anika Erxleben and Pavankumar Videm and Clemens Blank and Maria Doyle and Nicola Soranzo and Peter van Heusden",
  title = "Reference-based RNA-Seq data analysis (Galaxy Training Materials)",
  year = "2021",
  month = "07",
  day = "09"
  url = "\url{https://training.galaxyproject.org/training-material/topics/transcriptomics/tutorials/ref-based/tutorial.html}",
  note = "[Online; accessed Fri Nov 05 2021]"
}

@article{Batut_2018,
  doi = {10.1016/j.cels.2018.05.012},
  url = {https://doi.org/10.1016%2Fj.cels.2018.05.012},
  year = 2018,
  month = {jun},
  publisher = {Elsevier {BV}},
  volume = {6},
  number = {6},
  pages = {752--758.e1},
  author = {B{\'{e}}r{\'{e}}nice Batut and Saskia Hiltemann and Andrea Bagnacani and Dannon Baker and Vivek Bhardwaj and Clemens Blank and Anthony Bretaudeau and Loraine Brillet-Gu{\'{e}}guen and Martin {\v{C}}ech and John Chilton and Dave Clements and Olivia Doppelt-Azeroual and Anika Erxleben and Mallory Ann Freeberg and Simon Gladman and Youri Hoogstrate and Hans-Rudolf Hotz and Torsten Houwaart and Pratik Jagtap and Delphine Larivi{\`{e}}re and Gildas Le Corguill{\'{e}} and Thomas Manke and Fabien Mareuil and Fidel Ram{\'{\i}}rez and Devon Ryan and Florian Christoph Sigloch and Nicola Soranzo and Joachim Wolff and Pavankumar Videm and Markus Wolfien and Aisanjiang Wubuli and Dilmurat Yusuf and James Taylor and Rolf Backofen and Anton Nekrutenko and Björn Grüning},
  title = {Community-Driven Data Analysis Training for Biology},
  journal = {Cell Systems}
}
                
@misc{python-documentation,
  author = "",
  title = "5. Data Structures - Python 3.10.0 documentation",
  year = "2021",
  month = "11",
  day = "05"
  url = "\url{https://docs.python.org/3/tutorial/datastructures.html}",
  note = "[Online; accessed Fri Nov 05 2021]"
}

@misc{swcarpentry-python-novice-plotting,
  author = "Allen Lee and Nathan Moore and Sourav Singh and Olav Vahtras (eds)",
  title = "Software Carpentry: Plotting and Programming in Python",
  year = "2018",
  url = "\url{http://github.com/swcarpentry/python-novice-plotting}",
  note = "[Online; accessed Fri Nov 05 2021]"
}

@misc{https://doi.org/10.5281/zenodo.57492,
  doi = {10.5281/ZENODO.57492},
  url = {https://zenodo.org/record/57492},
  author = {Achterberg,  Hakim and Adams,  James and Adelman,  Joshua and Allen,  James and Bae,  Sung and Banaszkiewicz,  Piotr and Barmby,  Pauline and Barr,  Ewan and Beitey,  David and Bekolay,  Trevor and Berghold,  Jared and Blischak,  John and Boissonneau,  Maxime and Bostroem,  Azalee and Boughton,  Andy and Brown,  Amy and Brown,  Kyler and Cabunoc Mayes,  Abigail and Chase,  John and Choi,  Jin and Clare,  Richard and Clayton,  Sarah and Cock,  Peter and Corvellec,  Marianne and Coudrat,  Thomas and Dale,  Ryan and Davis,  Matt and Davison,  Andrew and Demichelis,  Raffaella and Devenyi,  Gabriel A. and Dolson,  Emily and Dotson,  David and Duchesne,  Laurent and Duckles,  Jonah and Emonet,  Rémi and Endsley,  K. Arthur and Fauchereau,  Nicolas and Ford,  Talitha and Gonzalez,  Ivan and Gosmann,  Jan and Gosset,  John and Gray,  Jeremy and Greshake,  Bastian and Haley,  Mary and Hames,  Sam and Hamrick,  Jessica B. and Hansen,  Michael and Hinsen,  Konrad and Hjelm,  Johan and Hodges,  Toby and Howard,  Derek and Irving,  Damien and Jackson,  Mike and Jolly,  Ben and Jones,  Nick and Joyce,  Blake and Ketcheson,  David and King,  W. Trevor and Klerke,  Sigrid and Laken,  Benjamin and Lapp,  Hilmar and Latornell,  Doug and Leyder,  Jean-Christophe and Lin,  Johnny and Lonsdale,  Andrew and Manhaes Savio,  Alexandre and Mazur,  Dan and Michonneau,  Fran\c{c}ois and Mills,  Bill and Mughal,  Zakariyya and {Narayanan} and Nederbragt,  Lex and Neufeld,  Ryan and O'Leary,  Aaron and Obeng,  Adam and Ory,  Jeramia and Osiecka,  Natalia and Pipitone,  Jon and Pińska,  Adrianna and Poisot,  Timothée and Pomorski,  Pawel and Rathgeber,  Florian and Richie-Halford,  Adam and Riley,  Janet and Rokem,  Ariel and Roswell,  Marjorie and Sadjadi,  Mahdi and Sales de Andrade,  Elliott and Schmeier,  Sebastian and Sheneman,  Leigh and Shiffer,  Arron and Shkurti,  Ardita and Silva,  Raniere and Soranzo,  Nicola and Spence,  Erik and Srinath,  Ashwin and Staneva,  Valentina and Stapleton,  Jim and Stucky,  Brian and Taylor,  Cody and Telenczuk,  Bartosz and Thomas,  Ian and Thorne,  Brian and Torres,  Giovanni and Tr\"{o}ndle,  Tim and Vahtras,  Olav and van der Helm,  Edwin and Walsh,  Alistair and Weitzel,  Derek and Wheeler,  Daniel and White,  Ethan and Willmore,  Frank and Wilson,  Greg and Zonca,  Andrea},
  title = {Software Carpentry: Programming With Python},
  publisher = {Zenodo},
  year = {2016},
  copyright = {Creative Commons Attribution 4.0}
}

@misc{transcriptomics-scrna-JUPYTER-trajectories,
  author = "Wendi Bacon and Mehmet Tekman",
  title = "Trajectory Analysis using Python (Jupyter Notebook) in Galaxy (Galaxy Training Materials)",
  year = "2021",
  month = "09",
  day = "02"
  url = "\url{https://training.galaxyproject.org/training-material/topics/transcriptomics/tutorials/scrna-JUPYTER-trajectories/tutorial.html}",
  note = "[Online; accessed Fri Nov 05 2021]"
}

@misc{data-science-r-advanced,
  author = "The Carpentries and Bérénice Batut and Fotis E. Psomopoulos and Toby Hodges",
  title = "Advanced R in Galaxy (Galaxy Training Materials)",
  year = "2021",
  month = "10",
  day = "19"
  url = "\url{https://training.galaxyproject.org/training-material/topics/data-science/tutorials/r-advanced/tutorial.html}",
  note = "[Online; accessed Fri Nov 05 2021]"
}

@misc{pandas-tutorial-dataframe-python,
  author = "Karlijn Willems",
  title = "Pandas Tutorial: DataFrames in Python",
  year = "2019",
  month = "01",
  day = "14"
  url = "\url{https://www.datacamp.com/community/tutorials/pandas-tutorial-dataframe-python}",
  note = "[Online; accessed Fri Nov 05 2021]"
}
