@software{jonathan_m_palmer_2020_4054262,
  author       = {Jonathan M. Palmer and
                  Jason Stajich},
  title        = {Funannotate v1.8.1: Eukaryotic genome annotation},
  month        = sep,
  year         = 2020,
  publisher    = {Zenodo},
  version      = {v1.8.1},
  doi          = {10.5281/zenodo.4054262},
  url          = {https://doi.org/10.5281/zenodo.4054262}
}
