@misc{https://doi.org/10.5281/zenodo.838776,
  doi = {10.5281/ZENODO.838776},
  url = {https://zenodo.org/record/838776},
  author = {Andrea, Paula and Barmby, Pauline and Broman, Karl and Brown, Amy and Cabunoc Mayes, Abigail and Chen, Daniel and Clark, Liam and Cock, Peter and Collins, Matthew and Dekker, Harrison and Digges, Deborah and Earl, Stevan and Eddelbuettel, Dirk and Gonzalez, Ivan and Gosset, John and Guignard, Thomas and Guyer, Jonathan and Hertweck, Kate and James, Nick and Johnston, Luke W. and King, W. Trevor and Kubiak, Andrew and Kumar, Avishek and Li, Peter and Magle, Tobin and McClatchy, Sue and McKay, Sheldon and Mickley, James and Moreau, John R. and Nahum, Joshua and Sane, Maneesha and Silva, Raniere and Small, Luc and Speer, Donald and Stacy, Mark and Stafford, Jeff and Talafuse, Scott and Taschuk, Morgan and Tomlinson, Chris and Vancea, Ioan and Waugh, Ben and White, Ethan and Wilson, Greg and Winston, Donny},
  title = {Software Carpentry: Databases And Sql},
  publisher = {Zenodo},
  year = {2017},
  copyright = {Creative Commons Attribution 4.0}
}


@article{Weber_2018,
	doi = {10.1093/reseval/rvy008},
	url = {https://doi.org/10.1093%2Freseval%2Frvy008},
	year = 2018,
	month = {apr},
	publisher = {Oxford University Press ({OUP})},
	volume = {27},
	number = {3},
	pages = {238--245},
	author = {Matthias Weber},
	title = {The effects of listing authors in alphabetical order: A review of the empirical evidence},
	journal = {Research Evaluation}
}