
# This is the bibliography file for your tutorial.
#
# To add bibliography (bibtex) entries here, follow these steps:
#  1) Find the DOI for the article you want to cite
#  2) Go to https://doi2bib.org and fill in the DOI
#  3) Copy the resulting bibtex entry into this file
#
# To cite the example below, in your tutorial.md file
# use {% Smith2012 %}

@article{Smith2012,
  doi = {10.1093/bioinformatics/bts577},
  url = {https://doi.org/10.1093/bioinformatics/bts577},
  year = {2012},
  month = sep,
  publisher = {Oxford University Press ({OUP})},
  volume = {28},
  number = {23},
  pages = {3163--3165},
  author = {Richard N. Smith and Jelena Aleksic and Daniela Butano and Adrian Carr and Sergio Contrino and Fengyuan Hu and Mike Lyne and Rachel Lyne and Alex Kalderimis and Kim Rutherford and Radek Stepan and Julie Sullivan and Matthew Wakeling and Xavier Watkins and Gos Micklem},
  title = {{InterMine}: a flexible data warehouse system for the integration and analysis of heterogeneous biological data},
  journal = {Bioinformatics}
}

@article{Blankenberg2011,
  doi = {10.1093/database/bar011},
  url = {https://doi.org/10.1093/database/bar011},
  year = {2011},
  month = apr,
  publisher = {Oxford University Press ({OUP})},
  volume = {2011},
  number = {0},
  pages = {bar011--bar011},
  author = {D. Blankenberg and N. Coraor and G. Von Kuster and J. Taylor and A. Nekrutenko and},
  title = {Integrating diverse databases into an unified analysis framework: a Galaxy approach},
  journal = {Database}
}
