
# This is the bibliography file for your tutorial.
#
# To add bibliography (bibtex) entries here, follow these steps:
#  1) Find the DOI for the article you want to cite
#  2) Go to https://doi2bib.org and fill in the DOI
#  3) Copy the resulting bibtex entry into this file
#
# To cite the example below, in your tutorial.md file
# use {% Batut2018 %}

@article{Gramm2020,
  doi = {10.1101/2020.07.06.190629},
  url = {https://doi.org/10.1101/2020.07.06.190629},
  year = {2020},
  month = jul,
  publisher = {Cold Spring Harbor Laboratory},
  author = {Marie Gramm and Eduardo P{\'{e}}rez-Palma and Sarah Schumacher-Bass and Jarrod Dalton and Costin Leu and Daniel Blank-enberg and Dennis Lal},
  title = {{SimText}: A text mining framework for interactive analysis and visualization of similarities among biomedical entities}
}