
# This is the bibliography file for your tutorial.
#
# To add bibliography (bibtex) entries here, follow these steps:
#  1) Find the DOI for the article you want to cite
#  2) Go to https://doi2bib.org and fill in the DOI
#  3) Copy the resulting bibtex entry into this file
#
# To cite the example below, in your tutorial.md file
# use {% Batut2018 %}

@article {Newell780,
  doi = {10.1126/science.165.3895.780},
  url = {https://science.sciencemag.org/content/165/3895/780},
  year = {1969},
  publisher = {American Association for the Advancement of Science},
  volume = {165},
  number = {3895},
  pages = {780--782},
  author = {Newell, Allen},
  title = {Perceptrons. An Introduction to Computational Geometry. Marvin Minsky and Seymour Papert. M.I.T. Press, Cambridge, Mass., 1969. vi + 258 pp., illus. Cloth, $12; paper, $4.95},
  journal = {Science}
}

@article {Cybenko1989,
  doi = {10.1007/BF02551274},
  url = {https://doi.org/10.1007/BF02551274},
  year = {1989},
  publisher = {Springer Link},
  volume = {2},
  number = {4},
  pages = {303--314},
  author = {Cybenko, G.},
  title = {Approximation by superpositions of a sigmoidal function},
  journal = {Mathematics of Control, Signals and Systems}
}

@article {maas-EtAl,
  url       = {http://www.aclweb.org/anthology/P11-1015},
  year      = {2011},
  publisher = {Association for Computational Linguistics},
  pages     = {142--150},
  author    = {Maas, Andrew L.  and  Daly, Raymond E.  and  Pham, Peter T.  and  Huang, Dan  and  Ng, Andrew Y.  and  Potts, Christopher},
  title     = {Learning Word Vectors for Sentiment Analysis},
  booktitle = {Proceedings of the 49th Annual Meeting of the Association for Computational Linguistics: Human Language Technologies}
}

@article{hochreiter1997long,
  year = {1997},
  publisher = {MIT Press},
  volume = {9},
  number = {8},
  pages = {1735--1780},
  author = {Hochreiter, Sepp and Schmidhuber, J{\"u}rgen},
  title = {Long short-term memory},
  journal = {Neural computation}
}

@article{cho-etal-2014-learning,
  doi = {10.3115/v1/D14-1179},
  url = {https://www.aclweb.org/anthology/D14-1179},
  year = {2014},
  publisher = {Association for Computational Linguistics},
  pages = {1724--1734},
  author = {Cho, Kyunghyun  and van Merri{\"e}nboer, Bart and Gulcehre, Caglar and Bahdanau, Dzmitry and Bougares, Fethi and Schwenk, Holger and Bengio, Yoshua},
  title = {Learning Phrase Representations using {RNN} Encoder{--}Decoder for Statistical Machine Translation},
  booktitle = {Proceedings of the 2014 Conference on Empirical Methods in Natural Language Processing (EMNLP)}
}

