
# This is the bibliography file for your tutorial.
#
# To add bibliography (bibtex) entries here, follow these steps:
#  1) Find the DOI for the article you want to cite
#  2) Go to https://doi2bib.org and fill in the DOI
#  3) Copy the resulting bibtex entry into this file
#
# To cite the example below, in your tutorial.md file
# use {% Batut2018 %}

@article{OSheaEtAl,
  url       = {http://arxiv.org/abs/1511.08458},
  year      = {2015},
  volume    = {abs/1511.08458},
  author    = {iO'Shea, Keiron and Nash, Ryan},
  title     = {An Introduction to Convolutional Neural Networks},
  journal   = {CoRR}
}

@article{JainEtAl,
  doi        = {10.1109/2.485891},
  year       = {1996},
  volume     = {29},
  number     = {3},
  pages      = {31--44},
  author     = {Jain, A. K. and Mao, Jianchang and Mohiuddin, K. M.},
  title      = {Artificial neural networks: a tutorial}, 
  journal    = {Computer} 
}

@article{Fukishima,
  doi        = {https://doi.org/10.1016/0893-6080(88)90014-7},
  url        = {https://www.sciencedirect.com/science/article/pii/0893608088900147},
  year       = {1988},
  volume     = {1},
  number     = {2},
  pages      = {119--130},
  author     = {Fukushima, Kunihiko},
  title      = {Neocognitron: A hierarchical neural network capable of visual pattern recognition},
  journal    = {Neural Networks}
}

@article{HubelWiesel,
  doi        = {10.1113/jphysiol.1959.sp006308},
  year       = {1959},
  volume     = {148},
  number     = {3},
  pages      = {574--591},
  author     = {Hubel, D. H. and Wiesel, T. N.},
  title      = {Receptive fields of single neurones in the cat's striate cortex},
  journal    = {The Journal of physiology}
}
