
# This is the bibliography file for your tutorial.
#
# To add bibliography (bibtex) entries here, follow these steps:
#  1) Find the DOI for the article you want to cite
#  2) Go to https://doi2bib.org and fill in the DOI
#  3) Copy the resulting bibtex entry into this file
#
# To cite the example below, in your tutorial.md file
# use {% cite Batut2018 %}
#
# If you want to cite an online resourse (website etc)
# you can use the 'online' format (see below)
#
# You can remove the examples below

@article{Abernathey2017,
author = "Ryan Abernathey and kevin paul and joe hamman and matthew rocklin and chiara lepore and michael tippett and Naomi Henderson and Richard Seager and Ryan May and Davide Del Vento",
title = "{Pangeo NSF Earthcube Proposal}",
year = "2017",
month = "8",
url = "https://figshare.com/articles/Pangeo_NSF_Earthcube_Proposal/5361094",
doi = "10.6084/m9.figshare.5361094.v1"
}
