
# This is the bibliography file for your tutorial.
#
# To add bibliography (bibtex) entries here, follow these steps:
#  1) Find the DOI for the article you want to cite
#  2) Go to https://doi2bib.org and fill in the DOI
#  3) Copy the resulting bibtex entry into this file
#
# To cite the example below, in your tutorial.md file
# use {% cite Batut2018 %}

@article{Batut2018,
  doi = {10.1016/j.cels.2018.05.012},
  url = {https://doi.org/10.1016/j.cels.2018.05.012},
  year = {2018},
  month = jun,
  publisher = {Elsevier {BV}},
  volume = {6},
  number = {6},
  pages = {752--758.e1},
  author = {B{\'{e}}r{\'{e}}nice Batut and Saskia Hiltemann and Andrea Bagnacani and Dannon Baker and Vivek Bhardwaj and
           Clemens Blank and Anthony Bretaudeau and Loraine Brillet-Gu{\'{e}}guen and Martin {\v{C}}ech and John Chilton
           and Dave Clements and Olivia Doppelt-Azeroual and Anika Erxleben and Mallory Ann Freeberg and Simon Gladman and
           Youri Hoogstrate and Hans-Rudolf Hotz and Torsten Houwaart and Pratik Jagtap and Delphine Larivi{\`{e}}re and
           Gildas Le Corguill{\'{e}} and Thomas Manke and Fabien Mareuil and Fidel Ram{\'{i}}rez and Devon Ryan and
           Florian Christoph Sigloch and Nicola Soranzo and Joachim Wolff and Pavankumar Videm and Markus Wolfien and
           Aisanjiang Wubuli and Dilmurat Yusuf and James Taylor and Rolf Backofen and Anton Nekrutenko and Bj\"{o}rn Gr\"{u}ning},
  title = {Community-Driven Data Analysis Training for Biology},
  journal = {Cell Systems}
}

@article{wang2020estimation,
  title={Estimation of genome size using k-mer frequencies from corrected long reads},
  author={Wang, Hengchao and Liu, Bo and Zhang, Yan and Jiang, Fan and Ren, Yuwei and Yin, Lijuan and Liu, Hangwei and Wang, Sen and Fan, Wei},
  journal={arXiv preprint arXiv:2003.11817},
  year={2020}
}

@article{Rhie2020,
  doi = {10.1186/s13059-020-02134-9},
  url = {https://doi.org/10.1186/s13059-020-02134-9},
  year = {2020},
  month = sep,
  publisher = {Springer Science and Business Media {LLC}},
  volume = {21},
  number = {1},
  author = {Arang Rhie and Brian P. Walenz and Sergey Koren and Adam M. Phillippy},
  title = {Merqury: reference-free quality,  completeness,  and phasing assessment for genome assemblies},
  journal = {Genome Biology}
}

@article{Vurture2017,
  doi = {10.1093/bioinformatics/btx153},
  url = {https://doi.org/10.1093/bioinformatics/btx153},
  year = {2017},
  month = mar,
  publisher = {Oxford University Press ({OUP})},
  volume = {33},
  number = {14},
  pages = {2202--2204},
  author = {Gregory W Vurture and Fritz J Sedlazeck and Maria Nattestad and Charles J Underwood and Han Fang and James Gurtowski and Michael C Schatz},
  editor = {Bonnie Berger},
  title = {{GenomeScope}: fast reference-free genome profiling from short reads},
  journal = {Bioinformatics}
}