
# This is the bibliography file for your tutorial.
#
# To add bibliography (bibtex) entries here, follow these steps:
#  1) Find the DOI for the article you want to cite
#  2) Go to https://doi2bib.org and fill in the DOI
#  3) Copy the resulting bibtex entry into this file
#
# To cite the example below, in your tutorial.md file
# use {% cite Batut2018 %}

@article{Batut2018,
  doi = {10.1016/j.cels.2018.05.012},
  url = {https://doi.org/10.1016/j.cels.2018.05.012},
  year = {2018},
  month = jun,
  publisher = {Elsevier {BV}},
  volume = {6},
  number = {6},
  pages = {752--758.e1},
  author = {B{\'{e}}r{\'{e}}nice Batut and Saskia Hiltemann and Andrea Bagnacani and Dannon Baker and Vivek Bhardwaj and
           Clemens Blank and Anthony Bretaudeau and Loraine Brillet-Gu{\'{e}}guen and Martin {\v{C}}ech and John Chilton
           and Dave Clements and Olivia Doppelt-Azeroual and Anika Erxleben and Mallory Ann Freeberg and Simon Gladman and
           Youri Hoogstrate and Hans-Rudolf Hotz and Torsten Houwaart and Pratik Jagtap and Delphine Larivi{\`{e}}re and
           Gildas Le Corguill{\'{e}} and Thomas Manke and Fabien Mareuil and Fidel Ram{\'{i}}rez and Devon Ryan and
           Florian Christoph Sigloch and Nicola Soranzo and Joachim Wolff and Pavankumar Videm and Markus Wolfien and
           Aisanjiang Wubuli and Dilmurat Yusuf and James Taylor and Rolf Backofen and Anton Nekrutenko and Bj\"{o}rn Gr\"{u}ning},
  title = {Community-Driven Data Analysis Training for Biology},
  journal = {Cell Systems}
}

@article{Fbregas2018,
  doi = {10.1038/s41467-018-06861-3},
  url = {https://doi.org/10.1038/s41467-018-06861-3},
  year = {2018},
  month = nov,
  publisher = {Springer Science and Business Media {LLC}},
  volume = {9},
  number = {1},
  author = {Norma F{\`{a}}bregas and Fidel Lozano-Elena and David Blasco-Esc{\'{a}}mez and Takayuki Tohge and Cristina Mart{\'{\i}}nez-And{\'{u}}jar and Alfonso Albacete and Sonia Osorio and Mariana Bustamante and Jos{\'{e}} Luis Riechmann and Takahito Nomura and Takao Yokota and Ana Conesa and Francisco P{\'{e}}rez Alfocea and Alisdair R. Fernie and Ana I. Ca{\~{n}}o-Delgado},
  title = {Overexpression of the vascular brassinosteroid receptor {BRL}3 confers drought resistance without penalizing plant growth},
  journal = {Nature Communications}
}

@article{Wang2018,
  doi = {10.1104/pp.18.01028},
  url = {https://doi.org/10.1104/pp.18.01028},
  year = {2018},
  month = nov,
  publisher = {Oxford University Press ({OUP})},
  volume = {179},
  number = {2},
  pages = {671--685},
  author = {Yu Wang and Jia-Jian Cao and Kai-Xin Wang and Xiao-Jian Xia and Kai Shi and Yan-Hong Zhou and Jing-Quan Yu and Jie Zhou},
  title = {{BZR}1 Mediates Brassinosteroid-Induced Autophagy and Nitrogen Starvation in Tomato},
  journal = {Plant Physiology}
}

@article{Hu2013,
  doi = {10.1016/j.scienta.2012.11.012},
  url = {https://doi.org/10.1016/j.scienta.2012.11.012},
  year = {2013},
  month = feb,
  publisher = {Elsevier {BV}},
  volume = {150},
  pages = {232--237},
  author = {Wen-hai Hu and Xiao-hong Yan and Yi-an Xiao and Jian-jun Zeng and Hui-juan Qi and Joshua Otieno Ogweno},
  title = {24-Epibrassinosteroid alleviate drought-induced inhibition of photosynthesis in Capsicum annuum},
  journal = {Scientia Horticulturae}
}

@article{Anwar2018,
  doi = {10.1186/s40659-018-0195-2},
  url = {https://doi.org/10.1186/s40659-018-0195-2},
  year = {2018},
  month = nov,
  publisher = {Springer Science and Business Media {LLC}},
  volume = {51},
  number = {1},
  author = {Ali Anwar and Yumei Liu and Rongrong Dong and Longqiang Bai and Xianchang Yu and Yansu Li},
  title = {The physiological and molecular mechanism of brassinosteroid in response to stress: a review},
  journal = {Biological Research}
}

@article{Srivastava2016,
  doi = {10.1093/bioinformatics/btw277},
  url = {https://doi.org/10.1093/bioinformatics/btw277},
  year = {2016},
  month = jun,
  publisher = {Oxford University Press ({OUP})},
  volume = {32},
  number = {12},
  pages = {i192--i200},
  author = {Avi Srivastava and Hirak Sarkar and Nitish Gupta and Rob Patro},
  title = {{RapMap}: a rapid,  sensitive and accurate tool for mapping {RNA}-seq reads to transcriptomes},
  journal = {Bioinformatics}
}

@article{Glazov2008,
  doi = {10.1093/molbev/msn045},
  url = {https://doi.org/10.1093/molbev/msn045},
  year = {2008},
  month = feb,
  publisher = {Oxford University Press ({OUP})},
  volume = {25},
  number = {5},
  pages = {939--948},
  author = {E. A. Glazov and S. McWilliam and W. C. Barris and B. P. Dalrymple},
  title = {Origin,  Evolution,  and Biological Role of {miRNA} Cluster in {DLK}-{DIO}3 Genomic Region in Placental Mammals},
  journal = {Molecular Biology and Evolution}
}